@techreport{nist-sp800-22,
  author = {Rukhin, Andrew and et al.},
  title  = {A Statistical Test Suite for Random and Pseudorandom Number Generators for Cryptographic Applications},
  institution = {NIST},
  number = {SP 800-22},
  year   = {2010},
  url    = {https://doi.org/10.6028/NIST.SP.800-22r1a}
}

@article{berlekamp-massey,
  author  = {Berlekamp, Elwyn and Massey, James},
  title   = {Linear Complexity of Sequences},
  journal = {IEEE Trans. Information Theory},
  year    = {1969}
}
